
@misc{glassdoor,
    note = {https://www.glassdoor.es/}
}

@misc{datosmacro,
    note = {https://datosmacro.expansion.com/}
}

